@article{JaaAki10,
author = {Riihim√§ki, Jaakko and Vehtari, Aki},
year = {2010},
month = {01},
pages = {645-652},
title = {Gaussian processes with monotonicity information},
volume = {9},
booktitle = {Journal of Machine Learning Research - Proceedings Track}
}



@book{CaCh06,
 author = {Rasmussen, Carl Edward and Williams, Christopher K. I.},
 title = {Gaussian Processes for Machine Learning (Adaptive Computation and Machine Learning)},
 year = {2006},
 isbn = {026218253X},
 publisher = {The MIT Press},
} 

@article{SoMuLe03,
author = {Solak, Ercan and Murray-Smith, Roderick and Leithead, W.E. and Leith, Douglas and Rasmussen, C.E.},
year = {2003},
month = {02},
title = {Derivative observations in Gaussian Process models of dynamic systems},
volume = {16},
booktitle = {Appear Adv Neural Inf Process Syst}
}
